<?xml version="1.0" encoding="UTF-8"?><record xmlns="http://www.loc.gov/MARC21/slim" xmlns:cinclude="http://apache.org/cocoon/include/1.0" xmlns:zs="http://www.loc.gov/zing/srw/">
  <leader>00989cz  a2200241n  4500</leader>
  <controlfield tag="001">no 96040956 </controlfield>
  <controlfield tag="003">DLC</controlfield>
  <controlfield tag="005">19960820052003.7</controlfield>
  <controlfield tag="008">960814n| acaaaaaa|          |a ana     c</controlfield>
  <datafield tag="010" ind1=" " ind2=" ">
    <subfield code="a">no 96040956 </subfield>
  </datafield>
  <datafield tag="035" ind1=" " ind2=" ">
    <subfield code="a">(OCoLC)oca04140542 </subfield>
  </datafield>
  <datafield tag="040" ind1=" " ind2=" ">
    <subfield code="a">MdU</subfield>
    <subfield code="c">MdU</subfield>
  </datafield>
  <datafield tag="130" ind1=" " ind2="0">
    <subfield code="a">National Park Service interpretive series.</subfield>
    <subfield code="p">History</subfield>
  </datafield>
  <datafield tag="410" ind1="1" ind2="0">
    <subfield code="a">United States.</subfield>
    <subfield code="b">National Park Service.</subfield>
    <subfield code="t">National Park Service interpretive series.</subfield>
    <subfield code="p">History</subfield>
  </datafield>
  <datafield tag="410" ind1="1" ind2="0">
    <subfield code="w">nnaa</subfield>
    <subfield code="a">United States.</subfield>
    <subfield code="b">National Park Service.</subfield>
    <subfield code="t">Interpretive series.</subfield>
    <subfield code="p">History</subfield>
  </datafield>
  <datafield tag="430" ind1=" " ind2="0">
    <subfield code="a">Interpretive series (United States. National Park Service).</subfield>
    <subfield code="p">History</subfield>
  </datafield>
  <datafield tag="642" ind1=" " ind2=" ">
    <subfield code="a">no. 1</subfield>
    <subfield code="5">MdU</subfield>
  </datafield>
  <datafield tag="643" ind1=" " ind2=" ">
    <subfield code="a">Washington</subfield>
    <subfield code="b">U.S. G.P.O.</subfield>
  </datafield>
  <datafield tag="644" ind1=" " ind2=" ">
    <subfield code="a">f</subfield>
    <subfield code="5">MdU</subfield>
  </datafield>
  <datafield tag="645" ind1=" " ind2=" ">
    <subfield code="a">t</subfield>
    <subfield code="5">MdU</subfield>
  </datafield>
  <datafield tag="646" ind1=" " ind2=" ">
    <subfield code="a">s</subfield>
    <subfield code="5">MdU</subfield>
  </datafield>
  <datafield tag="670" ind1=" " ind2=" ">
    <subfield code="a">The building of Castillo de San Marcos, 1961:</subfield>
    <subfield code="b">t.p. (National Park Service interpretive series. History)</subfield>
  </datafield>
  <datafield tag="670" ind1=" " ind2=" ">
    <subfield code="a">LC in OCLC, 8-14-96 (Artillery through the ages, 1949</subfield>
    <subfield code="b">(United States. National Park Service. Interpretive series. History)</subfield>
  </datafield>
</record>